@book{montiel2009curves,
  title={Curves and surfaces},
  author={Montiel, Sebasti{\'a}n and Ros, Antonio},
  volume={69},
  year={2009},
  publisher={American Mathematical Soc.}
}

@book{do2016differential,
  title={Differential geometry of curves and surfaces: revised and updated second edition},
  author={Do Carmo, Manfredo P},
  year={2016},
  publisher={Courier Dover Publications}
}

@book{tapp2016differential,
  title={Differential geometry of curves and surfaces},
  author={Tapp, Kristopher},
  year={2016},
  publisher={Springer}
}

@book{thorpe2012elementary,
  title={Elementary topics in differential geometry},
  author={Thorpe, John A},
  year={2012},
  publisher={Springer Science \& Business Media}
}

@article{JS,
 ISSN = {00029939, 10886826},
 URL = {http://www.jstor.org/stable/2031698},
 author = {Stewart S. Cairns},
 journal = {Proceedings of the American Mathematical Society},
 number = {6},
 pages = {860--867},
 publisher = {American Mathematical Society},
 title = {An Elementary Proof of the Jordan-Schoenflies Theorem},
 urldate = {2024-05-15},
 volume = {2},
 year = {1951}
}

@book{lima1981curso,
  title={Curso de analise: volume 2},
  author={Lima, Elon Lages},
  year={1981},
  publisher={Instituto de Matematica Pura e Aplicada}
}

@book{stein2011fourier,
  title={Fourier analysis: an introduction},
  author={Stein, Elias M and Shakarchi, Rami},
  volume={1},
  year={2011},
  publisher={Princeton University Press}
}

@book{do1992riemannian,
  title={Riemannian geometry},
  author={Do Carmo, Manfredo Perdigao and Flaherty Francis, J},
  volume={2},
  year={1992},
  publisher={Springer}
}

@book{do1998forms,
  title={Differential forms and applications},
  author={Do Carmo, Manfredo P},
  year={1998},
  publisher={Springer Science \& Business Media}
}